<?xml version="1.0" encoding="UTF-8"?><collection xmlns="http://www.loc.gov/MARC21/slim"><record><leader>00484nam--2200157-i-4500</leader><controlfield tag="001">000005715</controlfield><controlfield tag="002">20161230</controlfield><controlfield tag="005">20170110230802</controlfield><controlfield tag="008">060222s1000------------r-----000-0-eng-d</controlfield><datafield ind1=" " ind2=" " tag="100"><subfield code="a">Chastain, Joel W</subfield></datafield><datafield ind1=" " ind2=" " tag="245"><subfield code="a">Battelle research reactor-five years of operation</subfield></datafield><datafield ind1=" " ind2=" " tag="260"><subfield code="a">Columbus</subfield><subfield code="b">Battelle Memorial Institute</subfield><subfield code="c">1961</subfield></datafield><datafield ind1=" " ind2=" " tag="300"><subfield code="a">40 p. + 4 Fig</subfield></datafield><datafield ind1=" " ind2=" " tag="490"><subfield code="a">Symposium On Programming And Utilisation Of Research Reactors, Vienna</subfield></datafield><datafield ind1=" " ind2=" " tag="852"><subfield code="a">16891</subfield></datafield><datafield ind1=" " ind2=" " tag="CAT"><subfield code="a">SYS</subfield><subfield code="c">20170110</subfield><subfield code="h">230802</subfield></datafield></record></collection>